<?xml version="1.0" encoding="UTF-8"?><collection xmlns="http://www.loc.gov/MARC21/slim"><record><leader>00517nam--2200181-u-4500</leader><controlfield tag="001">000056443</controlfield><controlfield tag="002">20161230</controlfield><controlfield tag="005">20161230201052</controlfield><controlfield tag="008">151014s1000------------r-----000-0-rus-d</controlfield><datafield ind1=" " ind2=" " tag="040"><subfield code="a">IFIN-HH</subfield></datafield><datafield ind1=" " ind2=" " tag="041"><subfield code="a">rus</subfield></datafield><datafield ind1=" " ind2=" " tag="080"><subfield code="a">53.02</subfield></datafield><datafield ind1="1" ind2=" " tag="100"><subfield code="a">Kampe, J. De Feriet</subfield></datafield><datafield ind1="1" ind2="0" tag="245"><subfield code="a">Funktii matematiceskoi fiziki</subfield><subfield code="c">J. kampe de feriet (red.)</subfield></datafield><datafield ind1=" " ind2=" " tag="260"><subfield code="a">Moskva</subfield><subfield code="b">Fiziko-matematiceskoi Literaturi</subfield><subfield code="c">1963</subfield></datafield><datafield ind1=" " ind2=" " tag="300"><subfield code="a">102P</subfield></datafield><datafield ind1=" " ind2=" " tag="500"><subfield code="a">Titlul Original In Limba Franceza: Fonctions De La Physique Matematique</subfield></datafield><datafield ind1=" " ind2=" " tag="852"><subfield code="a">8845</subfield></datafield></record></collection>